@article{cuckoo,
  title={Cuckoo hashing},
  author={Pagh, Rasmus and Rodler, Flemming Friche},
  journal={Journal of Algorithms},
  volume={51},
  number={2},
  pages={122--144},
  year={2004},
  publisher={Elsevier}
}

@article{CHS,
  title={More robust hashing: Cuckoo hashing with a stash},
  author={Kirsch, Adam and Mitzenmacher, Michael and Wieder, Udi},
  journal={SIAM Journal on Computing},
  volume={39},
  number={4},
  pages={1543--1561},
  year={2009},
  publisher={SIAM}
}

@inproceedings{SmartCuckoo,
  title={SmartCuckoo: a fast and cost-efficient hashing index scheme for cloud storage systems},
  author={Sun, Yuanyuan and Hua, Yu and Jiang, Song and Li, Qiuyu and Cao, Shunde and Zuo, Pengfei},
  booktitle={2017 USENIX Annual Technical Conference, USENIX ATC 2017, Santa Clara, CA, USA, July 12},
  volume={14},
  pages={553--565},
  year={2017}
}

@inproceedings{memC3,
  title={MemC3: Compact and Concurrent MemCache with Dumber Caching and Smarter Hashing.},
  author={Fan, Bin and Andersen, David G and Kaminsky, Michael},
  booktitle={NSDI},
  volume={13},
  pages={371--384},
  year={2013}
}

@inproceedings{coolCuckoo,
  title={A cool and practical alternative to traditional hash tables},
  author={Erlingsson, Ulfar and Manasse, Mark and McSherry, Frank},
  booktitle={Proc. 7th Workshop on Distributed Data and Structures (WDASâ€™06)},
  year={2006}
}



@inproceedings{Horton,
  title={Horton Tables: Fast Hash Tables for In-Memory Data-Intensive Computing.},
  author={Breslow, Alex D and Zhang, Dong Ping and Greathouse, Joseph L and Jayasena, Nuwan and Tullsen, Dean M},
  booktitle={USENIX Annual Technical Conference},
  pages={281--294},
  year={2016}
}

@article{IDC,
  title={The digital universe of opportunities: Rich data and the increasing value of the internet of things},
  author={Turner, Vernon and Gantz, John F and Reinsel, David and Minton, Stephen},
  journal={IDC Analyze the Future},
  volume={16},
  year={2014}
}

@misc{cuckooTutorial,
  author = {Keith Schwarz},
  title = {Cuckoo Hashing},
  howpublished = "\url{https://web.stanford.edu/class/archive/cs/cs166/cs166.1146/lectures/13/Small13.pdf}"
}

@article{perfectHashing,
  title={The study of an ordered minimal perfect hashing scheme},
  author={Chang, CC},
  journal={Communications of the ACM},
  volume={27},
  number={4},
  pages={384--387},
  year={1984},
  publisher={ACM}
}

@inproceedings{li2014algorithmic,
  title={Algorithmic improvements for fast concurrent cuckoo hashing},
  author={Li, Xiaozhou and Andersen, David G and Kaminsky, Michael and Freedman, Michael J},
  booktitle={Proceedings of the Ninth European Conference on Computer Systems},
  pages={27},
  year={2014},
  organization={ACM}
}
