@manual{arma,
    title  = "ARMA model",
    author = "Statistics How To",
    url    = "https://www.statisticshowto.datasciencecentral.com/arma-model/",
    year   = "2019 (accessed Oct 30, 2019)"
}
@manual{lags,
    title  = "Choose ARMA Lags",
    author = "MathWorks",
    url    = "https://www.mathworks.com/help/econ/choose-arma-lags.html",
    year   = "2019 (accessed Oct 30, 2019)"
}
