@article{fard2018deep,
  title={Deep $ k $-Means: Jointly clustering with $ k $-Means and learning representations},
  author={Fard, Maziar Moradi and Thonet, Thibaut and Gaussier, Eric},
  journal={arXiv preprint arXiv:1806.10069},
  year={2018}
}
