@techreport{corkle2001synthesis,
  title={Synthesis on the effectiveness of rumble strips},
  author={Corkle, Jacqueline and Marti, Michael and Montebello, David},
  year={2001}
}

@manual{data,
    title  = "PennCrash.txt",
    author = "stat.duke.edu",
    url    = "https://stat.duke.edu/~fl35/data/PennCrash.txt",
    year   = "2019 (accessed Nov. 21, 2019)"
}
@manual{t-test,
    title  = "Two-Sample t-Test for Equal Means",
    author = "itl.nist.gov",
    url    = "https://www.itl.nist.gov/div898/handbook/eda/section3/eda353.htm",
    year   = "2019 (accessed Nov. 21, 2019)"
}
