@manual{CAFE,
    title  = "Corporate Average Fuel Economy (CAFE) Standards ",
    author = "U.S. Department of Transportation",
    url    = "https://www.transportation.gov/mission/sustainability/corporate-average-fuel-economy-cafe-standards",
    year   = "2014 (accessed Sep. 9, 2020)"
}

@manual{to54.5MPG,
    title  = "Driving to 54.5 MPG",
    author = "Tom Swanson",
    url    = "https://www.pewtrusts.org/en/research-and-analysis/fact-sheets/2011/04/20/driving-to-545-mpg-the-history-of-fuel-economy",
    year   = "2011 (accessed Sep. 9, 2020)"
}

@book{smith2004palestine,
  title={Palestine and the Arab-Israeli conflict},
  author={Smith, Charles D},
  year={2004},
  publisher={Bedford/St. Martin's}
}

